<?xml version="1.0" encoding="UTF-8"?><record xmlns="http://www.loc.gov/MARC21/slim" xmlns:cinclude="http://apache.org/cocoon/include/1.0" xmlns:zs="http://www.loc.gov/zing/srw/">
  <leader>00438cz  a2200133n  4500</leader>
  <controlfield tag="001">n 2006204721</controlfield>
  <controlfield tag="003">DLC</controlfield>
  <controlfield tag="005">20080228081426.0</controlfield>
  <controlfield tag="008">080207n| acannaabn          |a aaa      </controlfield>
  <datafield tag="010" ind1=" " ind2=" ">
    <subfield code="a">n 2006204721</subfield>
  </datafield>
  <datafield tag="040" ind1=" " ind2=" ">
    <subfield code="a">DLC</subfield>
    <subfield code="b">eng</subfield>
    <subfield code="c">DLC</subfield>
    <subfield code="d">DLC</subfield>
  </datafield>
  <datafield tag="100" ind1="1" ind2=" ">
    <subfield code="a">Muʻāwī, ʻAlī,</subfield>
    <subfield code="d">1920-</subfield>
  </datafield>
  <datafield tag="400" ind1="1" ind2=" ">
    <subfield code="a">Maʻāwī, ʻAlī,</subfield>
    <subfield code="d">1920-</subfield>
  </datafield>
  <datafield tag="670" ind1=" " ind2=" ">
    <subfield code="a">Dhikrayāt wa-khawāṭir, 2007:</subfield>
    <subfield code="b">t.p. (ʻAlī al-Muʻāwī) p. 4 of cover (b. 25 July, 1920 in Binzirt, Tunisia)</subfield>
  </datafield>
</record>